<record><leader>00000cas a22000007a 4500</leader><controlfield tag="001">11561434</controlfield><controlfield tag="008">850109d185u185ucausr ne      0    0eng d</controlfield><datafield ind1=" " ind2=" " tag="010"><subfield code="a">sn 85025047 </subfield></datafield><datafield ind1=" " ind2=" " tag="040"><subfield code="a">NPX</subfield><subfield code="b">eng</subfield><subfield code="c">NPX</subfield><subfield code="d">OCLCQ</subfield></datafield><datafield ind1=" " ind2=" " tag="042"><subfield code="a">msc</subfield></datafield><datafield ind1="0" ind2=" " tag="130"><subfield code="a">Daily index (Sacramento, Calif. : Steamer)</subfield></datafield><datafield ind1="1" ind2="4" tag="245"><subfield code="a">The daily index.</subfield></datafield><datafield ind1="1" ind2="3" tag="246"><subfield code="a">Steamer index</subfield></datafield><datafield ind1=" " ind2=" " tag="250"><subfield code="a">[Steamer ed.].</subfield></datafield><datafield ind1=" " ind2=" " tag="260"><subfield code="a">Sacramento City, Calif. :</subfield><subfield code="b">Lynch, Davison &amp; Rolfe</subfield></datafield><datafield ind1=" " ind2=" " tag="300"><subfield code="a">v.</subfield></datafield><datafield ind1=" " ind2=" " tag="310"><subfield code="a">Semimonthly</subfield></datafield><datafield ind1=" " ind2=" " tag="500"><subfield code="a">Editors: Jos. W. Winans, H.B. Livingston, &lt;1851&gt;.</subfield></datafield><datafield ind1=" " ind2=" " tag="588"><subfield code="a">Description based on: Vol. 1, no. 3 (Mar. 15, 1851).</subfield></datafield><datafield ind1=" " ind2=" " tag="752"><subfield code="a">United States</subfield><subfield code="b">California</subfield><subfield code="c">Sacramento</subfield><subfield code="d">Sacramento.</subfield></datafield><datafield ind1="0" ind2=" " tag="775"><subfield code="t">Daily index (Sacramento, Calif.)</subfield><subfield code="w">(DLC)sn 82015764</subfield></datafield><datafield ind1="0" ind2=" " tag="775"><subfield code="t">Evening index</subfield><subfield code="w">(DLC)sn 84027038</subfield></datafield><datafield ind1="1" ind2=" " tag="029"><subfield code="a">AU@</subfield><subfield code="b">000025816994</subfield></datafield></record>